@article{Kim07l1trend,
    author = {Seung-Jean Kim and Kwangmoo Koh and Stephen Boyd and Dimitry Gorinevsky},
    title = {L1 Trend Filtering},
    year = {2007}
}
@article{Tibshirani2014,
    author = {Ryan J. Tibshirani},
    title = {Adaptive Piecewise Polynomial Estimation via Trend Filtering},
    year = {2014},
    journal = {The Annals of Statistics},
    volume = {42},
    number = {1},
    pages = {285--323}
}